@book{HH,
	author={Ifan G. Hughes},
	year={2010},
	title={Measurements and their Uncertainties},
	publisher={Oxford University Press}
}
@book{Grif,
	author={David J. Griffiths},
	year={},
	title={Introduction to Electrodynamics},
	publisher={Pearson}
}
