@book{HH,
	title={Measurements and their Uncertainties},
	author={Ifan G. Hughes, Thomas P.A Hase},
	year={2016},
	publisher={Oxford university press}
}
