@book{HH,
	author={Ifan G. Hughes},
	year={2010},
	title={Measurements and their Uncertainties},
	publisher={Oxford University Press}
}
